@article{fuller1960behavior,
  title={Behavior genetics},
  author={Fuller, John L},
  journal={Annual Review of Psychology},
  volume={11},
  number={1},
  pages={41--70},
  year={1960},
  publisher={Annual Reviews 4139 El Camino Way, PO Box 10139, Palo Alto, CA 94303-0139, USA}
}