@inproceedings{aberdam2021sequence,
  title={Sequence-to-sequence contrastive learning for text recognition},
  author={Aberdam, Aviad and Litman, Ron and Tsiper, Shahar and Anschel, Oron and Slossberg, Ron and Mazor, Shai and Manmatha, R and Perona, Pietro},
  booktitle={Proceedings of the IEEE/CVF Conference on Computer Vision and Pattern Recognition},
  pages={15302--15312},
  year={2021}
}

@inproceedings{huang2017arbitrary,
  title={Arbitrary style transfer in real-time with adaptive instance normalization},
  author={Huang, Xun and Belongie, Serge},
  booktitle={Proceedings of the IEEE international conference on computer vision},
  pages={1501--1510},
  year={2017}
}

@inproceedings{karras2019style,
  title={A style-based generator architecture for generative adversarial networks},
  author={Karras, Tero and Laine, Samuli and Aila, Timo},
  booktitle={Proceedings of the IEEE/CVF conference on computer vision and pattern recognition},
  pages={4401--4410},
  year={2019}
}

@article{ulyanov2016instance,
  title={Instance normalization: The missing ingredient for fast stylization},
  author={Ulyanov, Dmitry and Vedaldi, Andrea and Lempitsky, Victor},
  journal={arXiv preprint arXiv:1607.08022},
  year={2016}
}